<record xmlns="http://www.loc.gov/MARC21/slim" xmlns:xsi="http://www.w3.org/2001/XMLSchema-instance" xsi:schemaLocation="http://www.loc.gov/MARC21/slim http://www.loc.gov/standards/marcxml/schema/MARC21slim.xsd"><leader>01815nam a2200397   4500</leader><controlfield tag="001">001680644</controlfield><controlfield tag="003">NNU</controlfield><controlfield tag="006">m        d        </controlfield><controlfield tag="007">cr cn |||m|||a</controlfield><controlfield tag="008">150110s1978    ua      o     000 0 arard</controlfield><datafield ind1=" " ind2=" " tag="020"><subfield code="z">9777308280</subfield></datafield><datafield ind1=" " ind2=" " tag="020"><subfield code="z">9789777308281</subfield></datafield><datafield ind1=" " ind2=" " tag="040"><subfield code="a">NNU</subfield><subfield code="b">eng</subfield><subfield code="e">rda</subfield><subfield code="c">NNU</subfield></datafield><datafield ind1=" " ind2="4" tag="050"><subfield code="a">PJ7824.A9212</subfield><subfield code="b">S24 1978</subfield></datafield><datafield ind1="1" ind2=" " tag="100"><subfield code="6">880-01</subfield><subfield code="a">Fawz&#299;, Jam&#257;l</subfield></datafield><datafield ind1="1" ind2="3" tag="245"><subfield code="6">880-02</subfield><subfield code="a">al-S&#803;abr wa-al-thaba&#772;t :</subfield><subfield code="b">nafatha&#772;t muja&#772;hid fi&#772; sabi&#772;l Alla&#772;h ; di&#772;wa&#772;n shi&#699;r /</subfield><subfield code="c">Jama&#772;l Fawzi&#772;.</subfield></datafield><datafield ind1=" " ind2=" " tag="260"><subfield code="6">880-03</subfield><subfield code="a">[al-Qa&#772;hirah] :</subfield><subfield code="b">Da&#772;r al-Ans&#803;a&#772;r,</subfield><subfield code="c">[1978]</subfield></datafield><datafield ind1=" " ind2=" " tag="300"><subfield code="a">online resource (160 pages)</subfield></datafield><datafield ind1=" " ind2=" " tag="336"><subfield code="a">text</subfield><subfield code="2">rdacontent</subfield></datafield><datafield ind1=" " ind2=" " tag="337"><subfield code="a">computer</subfield><subfield code="2">rdamedia</subfield></datafield><datafield ind1=" " ind2=" " tag="338"><subfield code="a">online resource</subfield><subfield code="2">rdacarrier</subfield></datafield><datafield ind1=" " ind2=" " tag="500"><subfield code="a">Modern Arabic poetry.</subfield></datafield><datafield ind1=" " ind2=" " tag="500"><subfield code="a">Part of the Arabic Collections Online (ACO) project, contributed by New York Univeristy Libraries.</subfield></datafield><datafield ind1=" " ind2=" " tag="533"><subfield code="a">Electronic reproduction.</subfield><subfield code="b">New York, N.Y. :</subfield><subfield code="c">New York University,</subfield><subfield code="d">2015.</subfield><subfield code="5">NNU</subfield></datafield><datafield ind1=" " ind2="0" tag="650"><subfield code="a">Arabic poetry.</subfield></datafield><datafield ind1=" " ind2="7" tag="650"><subfield code="a">Arabic poetry.</subfield><subfield code="2">fast</subfield><subfield code="0">(OCoLC)fst00812533</subfield></datafield><datafield ind1="2" ind2=" " tag="710"><subfield code="a">New York University.</subfield><subfield code="b">Libraries.</subfield></datafield><datafield ind1="0" ind2=" " tag="730"><subfield code="a">Arabic Collections Online.</subfield></datafield><datafield ind1="0" ind2="8" tag="776"><subfield code="i">Online version:</subfield><subfield code="a">Fawzi&#772;, Jama&#772;l.</subfield><subfield code="t">S&#803;abr wa-al-thaba&#772;t.</subfield><subfield code="d">&#699;A&#772;bdi&#772;n : Da&#772;r al-A&#803;ns&#803;a&#772;r [19--]</subfield><subfield code="w">(OCoLC)557633521</subfield></datafield><datafield ind1="0" ind2="8" tag="776"><subfield code="i">Print version:</subfield><subfield code="a">Fawz&#299;, Jam&#257;l 880-01</subfield><subfield code="t">al-S&#803;abr wa-al-thaba&#772;t</subfield><subfield code="w">(NNU)001680644</subfield><subfield code="w">(DLC)   80961154</subfield><subfield code="z">9777308280</subfield><subfield code="z">9789777308281</subfield></datafield><datafield ind1="4" ind2="0" tag="856"><subfield code="u">http://hdl.handle.net/2333.1/hqbzkjtw</subfield></datafield><datafield ind1="1" ind2=" " tag="880"><subfield code="6">100-01/</subfield><subfield code="a">&#1601;&#1608;&#1586;&#1610;&#1548; &#1580;&#1605;&#1575;&#1604;.</subfield></datafield><datafield ind1="1" ind2="3" tag="880"><subfield code="6">245-02/</subfield><subfield code="a">&#1575;&#1604;&#1589;&#1576;&#1585; &#1608;&#1575;&#1604;&#1579;&#1576;&#1575;&#1578; :</subfield><subfield code="b">&#1606;&#1601;&#1579;&#1575;&#1578; &#1605;&#1580;&#1575;&#1607;&#1583; &#1601;&#1610; &#1587;&#1576;&#1610;&#1604; &#1575;&#1604;&#1604;&#1607; : &#1583;&#1610;&#1608;&#1575;&#1606; &#1588;&#1593;&#1585; /</subfield><subfield code="c">&#1580;&#1605;&#1575;&#1604; &#1601;&#1608;&#1586;&#1610;.</subfield></datafield><datafield ind1=" " ind2=" " tag="880"><subfield code="6">260-03/</subfield><subfield code="a">[&#1575;&#1604;&#1602;&#1575;&#1607;&#1585;&#1577;] :</subfield><subfield code="b">&#1583;&#1575;&#1585; &#1575;&#1604;&#1575;&#1606;&#1589;&#1575;&#1585;&#1548;</subfield><subfield code="c">[1978]</subfield></datafield><datafield ind1=" " ind2=" " tag="959"><subfield code="a">NNU</subfield><subfield code="b">WEB</subfield><subfield code="c">GENI</subfield><subfield code="t">0</subfield><subfield code="m">Electronic access</subfield><subfield code="s">01</subfield></datafield><datafield ind1=" " ind2=" " tag="999"><subfield code="i">NNU_001680644</subfield><subfield code="o" /></datafield></record>